% Bibliografía para el proyecto de regresión lineal
% Archivo: bibliografia.bib

@article{henderson1981,
  title={Building multiple regression models interactively},
  author={Henderson, Harold V and Velleman, Paul F},
  journal={Biometrics},
  volume={37},
  number={2},
  pages={391--411},
  year={1981},
  publisher={JSTOR}
}

@article{motor1974,
  title={Road Test Results},
  author={{Motor Trend Magazine}},
  journal={Motor Trend},
  year={1974},
  note={Various issues containing automobile specifications and performance data}
}

@book{montgomery2012,
  title={Introduction to Linear Regression Analysis},
  author={Montgomery, Douglas C and Peck, Elizabeth A and Vining, G Geoffrey},
  year={2012},
  edition={5th},
  publisher={John Wiley \& Sons},
  address={New York}
}

@book{james2013,
  title={An Introduction to Statistical Learning with Applications in R},
  author={James, Gareth and Witten, Daniela and Hastie, Trevor and Tibshirani, Robert},
  year={2013},
  publisher={Springer},
  address={New York},
  series={Springer Texts in Statistics}
}

@Manual{rcore2023,
  title        = {R: A Language and Environment for Statistical Computing},
  author       = {{R Core Team}},
  organization = {R Foundation for Statistical Computing},
  address      = {Vienna, Austria},
  year         = {2023},
  url          = {https://www.R-project.org/}
}

@book{wickham2016,
  title={ggplot2: Elegant Graphics for Data Analysis},
  author={Wickham, Hadley},
  year={2016},
  publisher={Springer-Verlag},
  address={New York},
  edition={2nd}
}

@book{kutner2005,
  title={Applied Linear Statistical Models},
  author={Kutner, Michael H and Nachtsheim, Christopher J and Neter, John and Li, William},
  year={2005},
  edition={5th},
  publisher={McGraw-Hill/Irwin},
  address={Boston}
}

@article{anscombe1973,
  title={Graphs in Statistical Analysis},
  author={Anscombe, Francis J},
  journal={The American Statistician},
  volume={27},
  number={1},
  pages={17--21},
  year={1973},
  publisher={Taylor \& Francis}
}

@book{cohen2003,
  title={Applied Multiple Regression/Correlation Analysis for the Behavioral Sciences},
  author={Cohen, Jacob and Cohen, Patricia and West, Stephen G and Aiken, Leona S},
  year={2003},
  edition={3rd},
  publisher={Lawrence Erlbaum Associates},
  address={Mahwah, NJ}
}

@article{breusch1979,
  title={A Simple Test for Heteroscedasticity and Random Coefficient Variation},
  author={Breusch, Trevor S and Pagan, Adrian R},
  journal={Econometrica},
  volume={47},
  number={5},
  pages={1287--1294},
  year={1979},
  publisher={JSTOR}
}

@article{shapiro1965,
  title={An Analysis of Variance Test for Normality (Complete Samples)},
  author={Shapiro, Samuel Sanford and Wilk, Martin B},
  journal={Biometrika},
  volume={52},
  number={3/4},
  pages={591--611},
  year={1965},
  publisher={JSTOR}
}

@book{fox2016,
  title={Applied Regression Analysis and Generalized Linear Models},
  author={Fox, John},
  year={2016},
  edition={3rd},
  publisher={Sage Publications},
  address={Los Angeles}
}

@book{rawlings1998,
  title={Applied Regression Analysis: A Research Tool},
  author={Rawlings, John O and Pantula, Sastry G and Dickey, David A},
  year={1998},
  edition={2nd},
  publisher={Springer-Verlag},
  address={New York}
}

@article{pearson1896,
  title={Mathematical Contributions to the Theory of Evolution III: Regression, Heredity and Panmixia},
  author={Pearson, Karl},
  journal={Philosophical Transactions of the Royal Society of London},
  volume={187},
  pages={253--318},
  year={1896}
}

@book{chatterjee2012,
  title={Regression Analysis by Example},
  author={Chatterjee, Samprit and Hadi, Ali S},
  year={2012},
  edition={5th},
  publisher={John Wiley \& Sons},
  address={New York}
}

@misc{epa2023,
  title = {Greenhouse Gas Emissions from a Typical Passenger Vehicle},
  author = {{United States Environmental Protection Agency}},
  year = {2023},
  howpublished = {\url{https://www.epa.gov/greenvehicles/greenhouse-gas-emissions-typical-passenger-vehicle}},
  note = {Accessed: 2024-06-07}
}
@misc{iea_transport,
  title = {Transport},
  author = {{International Energy Agency}},
  year = {2024},
  howpublished = {\url{https://www.iea.org/energy-system/transport}},
  note = {Accessed: 2024-06-07}
}

@book{kutner2005pdf,
  title={Applied Linear Statistical Models},
  author={Kutner, Michael H and Nachtsheim, Christopher J and Neter, John and Li, William},
  year={2005},
  edition={5th},
  publisher={McGraw-Hill/Irwin},
  address={Boston},
  note={Online PDF version},
  url={https://users.stat.ufl.edu/~winner/sta4211/ALSM_5Ed_Kutner.pdf}
}