% ============================================
% ARCHIVO DE BIBLIOGRAF√çA - FORMATO BibTeX
% ============================================

@manual{rcore2023,
  title        = {R: A Language and Environment for Statistical Computing},
  author       = {{R Core Team}},
  organization = {R Foundation for Statistical Computing},
  address      = {Vienna, Austria},
  year         = {2023},
  url          = {https://www.R-project.org/}
}

@article{shapiro1965,
  title     = {An Analysis of Variance Test for Normality (Complete Samples)},
  author    = {S. S. Shapiro and M. B. Wilk},
  journal   = {Biometrika},
  year      = {1965},
  volume    = {52},
  number    = {3/4},
  pages     = {591--611},
  publisher = {Oxford University Press},
  doi       = {10.1093/biomet/52.3-4.591}
}
